@book{maurizio,
    author    = "Maurizio Gabbrielli et Simone Martini",
    title     = "Programming Languages: Principles and Paradigms",
    year      = "2010",
    publisher = "Springer",
}

@book{kenneth,
    author    = "Kenneth C. Louden et Kenneth A. Lambert",
    title     = "Programming Languages: Principles and Practices",
    year      = "2011",
    publisher = "Cengage Learning",
}

@book{william,
    author    = "William Sims Bainbridge",
    title     = "Berkshire Encyclopedia of Human-computer Interaction, vol. 2",
    year      = "1994",
    publisher = "Berkshire Publishing Group LLC",
}

@book{watt,
    author    = "Watt, David Anthony  et William Findlay",
    title     = "Programming Language Design Concepts",
    year      = "2004",
    publisher = "John Wiley \& Sons",
}

@proceedings{lando,
    author    = "Pascal Lando, Frédéric Fürst, Gilles Kassel et Anne Lapujade",
    title     = "Premiers pas vers une ontologie générale des programmes informatiques",
    year      = "2007",
}

@book{seema,
    author    = "Seema Kedar",
    title     = "Programming Paradigms And Methodology",
    year      = "2002",
    publisher = "Technical Publications",
}

@book{itl,
    author    = "I. T. L. Education Solutions Limited",
    title     = "Introduction To Information Technology",
    year      = "2005",
    publisher = "Pearson Education India",
}

@book{barlow,
    author    = "J. Barlow et A. R. Barnett",
    title     = "Computing for Scientists: Principles of Programming with Fortran 90 and C++",
    year      = "1998",
    publisher = "John Wiley and Sons",
}

@book{thakare,
    author    = "Seema Kedar et Sanjay Thakare",
    title     = "Principles of Programming Languages",
    year      = "2009",
    publisher = "Technical Publications",
}

@TechReport{ada,
    title     = "ADA Programming",
    publisher = "Tyrarex Press",
}

@book{krishnamurthy,
    author    = "Krishnamurthy",
    title     = "Data Structures Using C",
    year      = "2008",
    publisher = "Tata McGraw-Hill Education",
}

@book{kumar,
    author    = "Arvind Kumar Bansal",
    title     = "Introduction to Programming Languages",
    year      = "2013",
    publisher = "CRC Press",
}

@book{jana,
    author    = "Jana",
    title     = "Java And Object-Oriented Programming Paradigm",
    year      = "2008",
    publisher = "PHI Learning Pvt. Ltd.",
}

@book{godse,
    author    = "D.A. Godse et A.P. Godse",
    title     = "Computer Architecture \& Organisation",
    year      = "2007",
    publisher = "Technical Publications",
}

@book{dhamdhere,
    author    = "Dhamdhere",
    title     = "Systems Programming and Operating Systems",
    year      = "2011",
    publisher = "Tata McGraw-Hill Education",
}

@book{tmh,
    author    = "Tmh",
    title     = "Computer Science Vii (Tn)",
    year      = "2007",
    publisher = "Tata McGraw-Hill Education",
}

@book{scott,
    author    = "Michael L. Scott",
    title     = "Programming Language Pragmatics",
    year      = "2009",
    publisher = "Morgan Kaufmann",
}

@book{griffiths,
    author    = "Ian Griffiths, Matthew Adams",
    title     = "Net Windows Forms in a Nutshell",
    year      = "2003",
    publisher = "O'Reilly Media, Inc.",
}

@book{raghavan,
    author    = "Raghavan",
    title     = "Prin Of Compiler Design",
    year      = "2010",
    publisher = "Tata McGraw-Hill Education",
}

@book{diomidis,
    author    = "Diomidis Spinellis et Georgios Gousios",
    title     = "Beautiful Architecture: Leading Thinkers Reveal the Hidden Beauty in Software Design",
    year      = "2009",
    publisher = "O'Reilly Media Inc.",
}

@book{chris,
    author    = "Chris Smith",
    title     = "Programming F\#",
    year      = "2009",
    publisher = "O'Reilly Media, Inc.",
}

@book{friesen,
    author    = "Jeff Friesen et Geoff Friesen",
    title     = "Java 2 by Example",
    year      = "2002",
    publisher = "Que Publishing",
}

@book{harold,
    author    = "Harold Davis",
    title     = "Visual Basic 6 Secrets",
    year      = "1998",
    publisher = "Que Publishing",
}

@book{brent,
    author    = "Brent B. Welch, Ken Jones et Jeffrey Hobbs",
    title     = "Practical Programming in Tcl and Tk",
    year      = "2003",
    publisher = "Prentice Hall Professional",
}

@article{sibsankar,
    author    = "Sibsankar Haldar et Alex A. Aravind",
    title     = "Operating Systems,Pearson Education India",
    year      = "2010",
}

@book{amit,
    author    = "Amit Singh",
    title     = "Mac OS X Internals: A Systems Approach",
    year      = "2007",
    publisher = "Addison-Wesley Professional",
}

@article{kishori,
    author    = "Kishori Sharan",
    title     = "Harnessing Java 7: A Comprehensive Approach to Learning Java 7",
    year      = "2011",
}

@misc{para,
  title = "Une taxonomie des principaux paradigmes de programmation ",
  howpublished = {\url{https://www.info.ucl.ac.be/~pvr/paradigmes.html}},
}

@misc{rank,
  title = "TIOBE Index",
  howpublished = {\url{https://www.tiobe.com/tiobe-index/}},
}
